%% This BibTeX bibliography file was created using BibDesk.
%% http://bibdesk.sourceforge.net/

%% Created for Trojass at 2017-03-08 10:08:36 +0100 


%% Saved with string encoding Unicode (UTF-8) 

@book{MatrixBook,
	Author = {Kaare Brandt Petersen, Michael Syskind Pedersen},
	Title = {The Matrix Cookbook},
	Year = {2012}}

@article{TowerModel,
	Author = {Maryamsadat Tahavori , Tom N{\o}rgaard Jensen , Carsten Kalles{\o}e , John Leth and Rafael Wisniewski},
	Month = {July},
	Title = {Toward model-based control of non-linear hydraulic networks},
	Year = {2012}}

@book{GraphModel,
	Author = {Narshing Deo},
	Editor = {Prentice-Hall of India Pvt.Ltd},
	Title = {Graph Theory with Applications to Engineering and Computer Science},
	Year = {2004}}

@article{GraphTheoryCarsten,
	Author = {Claudio De Persis and Carsten Skovmose Kalles{\o}e},
	Journal = {IEEE TRANSACTIONS ON CONTROL SYSTEMS TECHNOLOGY},
	Month = {November},
	Number = {6},
	Title = {Pressure Regulation in Nonlinear Hydraulic Networks by Positive and Quantized Controls},
	Volume = {19},
	Year = {2011}}

@book{graph_intro,
	Author = {Wolfgang Borutzky},
	Publisher = {Springer London},
	Title = {Bond Graph Methodology},
	Year = {2010}}

@book{national2005public,
	Author = {National Research Council and others},
	Publisher = {National Academies Press},
	Title = {Public Water Supply Distribution Systems: Assessing and Reducing Risks--First Report},
	Year = {2005}}

@book{kvvalve,
	Author = {Herman Boysen},
	Publisher = {Danfoss A/S},
	Title = {$k_v$:what,why,how,whence?},
	Year = {2011}}

@book{valvedatasheet,
	Author = {BELIMO},
	Publisher = {BELIMO Automation AG},
	Title = {2-way and 3-way characterised control valves},
	Year = {2014}}

@book{keller,
	Author = {Urs Keller},
	Publisher = {BELIMO Holding AG, Hinwil(CH)},
	Title = {Method for the Hydraulic Compensation and Control of a Heating or Cooling System and Compensation and Control Valve Therefor},
	Year = {2009}}

@article{Kallesoe2009,
	Author = {Kalles{\o}e, C and Persis, C},
	Journal = {Proceedings of the European Control Conference Budapest, Hungary},
	Title = {Pressure regulation in nonlinear hydraulic networks by positive controls},
	Year = {2009}}

@book{Hunt_Fluidmechanics,
	Author = {Bruce Hunt},
	Publisher = {University of Canterbury},
	Title = {Fluid Mechanics for Civil Engineers},
	Year = {1995}}

@inproceedings{feldman2009aspects,
	Author = {Feldman, Mordecai},
	Booktitle = {Proceedings of the 5th IWA Water Loss Reduction Specialist Conference, South Africa},
	Pages = {85--89},
	Title = {Aspects of energy efficiency in water supply systems},
	Year = {2009}}

@misc{appelbaum2002water,
	Author = {Appelbaum, B},
	Publisher = {Report prepared by ICF Consulting for EPRI, Palo Alto, CA: p},
	Title = {Water \& Sustainability (Volume 4): US Electricity Consumption for Water Supply \& Treatment---The Next Half Century},
	Year = {2002}}

@misc{Watts_water,
	Author = {Watts},
	Note = {Last visited 14-02-2017, \url{http://www.watts.com/pages/faq.asp?catId=64&faqId=7}},
	Title = {Water Pressure Regulators Frequently Asked Questions}}

@article{fallis2011guidelines,
	Author = {Fallis, P and H{\"u}bschen, K and Oertl{\'e}, E and Ziegler, D and Klingel, P and Knobloch, A and Baader, J and Trujillo, R and Laures, C},
	Journal = {Eschborn: Deutsche Gesellschaft f{\"u}r Internationale Zusammenarbeit (GIZ) GmbH},
	Title = {Guidelines for water loss reduction: A Focus on Pressure Management},
	Year = {2011}}

@misc{Lenntech,
	Author = {Lenntech},
	Note = {Last visited 14-02-2017, \url{http://www.lenntech.com/why_the_oxygen_dissolved_is_important.htm}},
	Title = {Why oxygen dissolved in water is important}}

@misc{DO,
	Author = {Sheila Murphy},
	Note = {Last visited 14-02-2017, \url{http://bcn.boulder.co.us/basin/data/NEW/info/DO.html}},
	Title = {General Information on Dissolved Oxygen}}

@book{Intro_Fluid,
	Author = {Yasuki Nakayama},
	Publisher = {Butterworth Heinemann},
	Title = {Introduction to Fluid Mechanics},
	Year = {1999}}

@book{Design_Water,
	Author = {Prabhata K. Swamee, Ashok K. Sharma},
	Publisher = {John Wiley \& Sons},
	Title = {Design of Water Supply Pipi Networks},
	Year = {2008}}

@book{Urban_Design,
	Author = {NEmanja Trifunovic},
	Publisher = {Balkema},
	Title = {Introduction to uUrban Water Distribution},
	Year = {2006}}

@article{fluctuating_price,
	Author = {J.N. Tsitsiklis, Y. Xu},
	Journal = {European Journal of Operational Research},
	Title = {Pricing of fluctuations in electricity markets},
	Year = {2015}}

@book{master_aau,
	Author = {M{{\O}}lgaard, M. and P{\'e}tursson, B. G.},
	Note = {Master thesis, Aalborg University},
	Title = {Energy Optimization of Water Distribution Networks},
	Year = {2015}}

@book{Phd_Carsten,
	Author = {Carsten Kalles{{\O}}e},
	Note = {Ph.D. thesis, Aalborg University},
	Title = {Fault Detetection and Isolation in Centrifugal Pumps},
	Year = {2005}}

@misc{waterpump1,
	Author = {Grundfos},
	Note = {Last visited 02-03-2017, \url{http://www.grundfos.com/products/find-product/upml-geo-upmxl-geo-oem.html#overview}},
	Title = {UPML GEO AND UPMXL GEO OEM}}

@misc{waterpump2,
	Author = {Grundfos},
	Note = {Last visited 02-03-2017, \url{net.grundfos.com/Appl/WebCAPS/Grundfosliterature-4927111.pdf}},
	Title = {UPM2, UPM GEO, UPM2K}}

@misc{PE100,
	Author = {PE100},
	Note = {Last visited 02-03-2017, \url{https://www.pe100plus.com/PE-Pipes/PE-technical-guidance/model/Materials/mrs/What-is-the-meaning-of-the-designations-PE80-and-PE100-i254.html}},
	Title = {What is the meaning of the designations PE80 and PE100}}
	
@misc{MatlabGreyBox,
	Author = {PE100},
	Note = {Last visited 07-04-2017, \url{https://se.mathworks.com/help/ident/nonlinear-grey-box-models.html}},
	Title = {Nonlinear Grey-Box Models}}

@misc{Electrical_price,
	Note = {Last visited 19-04-2017, \url{http://www.nordpoolspot.com/Market-data1/Elspot/Area-Prices/DK/Hourly/?dd=DK2&view=chart}},
	Title = {Elspot prices}}

@Inbook{Camacho2007,
author="Camacho, E. F.
and Bordons, C.",
title="Generalized Predictive Control",
bookTitle="Model Predictive control",
year="2007",
publisher="Springer London",
address="London",
pages="47--79",
isbn="978-0-85729-398-5",
doi="10.1007/978-0-85729-398-5_4"
}

@misc{LinearEstimation,
	Author = {MathWorks},
	Note = {Last visited 07-05-2017, \url{https://se.mathworks.com/help/ident/ug/estimating-linear-grey-box-models.html}},
	Title = {Estimate Linear Grey-Box Models}}


@misc{Polypipe,
	Author = {Polypipe},
	Note = {Last visited 07-05-2017, \url{http://www.sbsdownloads.co.uk/Supplier/Polypipe%20Terrain/Product%20&%20Installation%20Guides/Installation%20Guides/Effast%20PVCu%20and%20ABS%20Technical%20Installation%20Guide.pdf}},
	Title = {Effast PVCu and ABS - High performance PVCu and ABS Pressure Pipe Systems. 2008}}

@misc{PEPS,
	Author = {George Fischer},
	Note = {Last visited 07-05-2017, \url{http://www.gfps.com/content/dam/gfps/master%20Content/Documents/EN/Planning%20Fundamentals/PL%20VS%20en.pdf}},
	Title = {For PE Piping Systems in Utilities}}

@misc{Belimo1,
	Author = {Belimo},
	Note = {Last visited 07-05-2017, \url{http://www.belimo.com.cn/pdf/CCV_databook%5B15.04.2011%5D.pdf}},
	Title = {Technical Databook}}

@misc{Belimo2,
	Author = {Belimo},
	Note = {Last visited 07-05-2017, \url{http://www.belimo.ch/pdf/e/project_2-way_3-way_Characterised%20control%20valves.pdf}},
	Title = {2-way and 3-way characterised control valves}}
	
@misc{MatlabFit,
	Author = {MathWorks},
	Note = {Last visited 07-05-2017, \url{https://se.mathworks.com/help/ident/ref/compare.html}},
	Title = {Compare}}

	
@misc{GSTWTCSD,
	Author = {MathWorks},
	Note = {Last visited 07-05-2017, \url{https://se.mathworks.com/help/control/examples/getting-started-with-the-control-system-designer.html?prodcode=ML}},
	Title = {Getting Started with the Control System Designer}}

@misc{grunnn_psi_diff,
	Author = {Grundfos},
	Note = {Last visited 22-05-2017, \url{http://www.grundfos.com/content/dam/Global%20Site/direct-sensors/Databooklets/97790251_1216_Pressure%20transmitters%20and%20sensors_DB_GB.PDF}},
	Title = {Pressure transmitters and sensors}}


@book{franklin1994feedback,
  title={Feedback control of dynamic systems},
  author={Franklin, Gene F and Powell, J David and Emami-Naeini, Abbas},
  volume={7}
}

@article{van2005formulation,
  title={Formulation and analysis of linear programs},
  author={Van Roy, Benjamin and Mason, Kahn},
  journal={Unpublished manuscript},
  year={2005}
}

@book{Convex_constraints,
  title={Introduction to Convex Constrained Optimization },
  author={Massachusetts Institute of Technology},
  year={2004}
}

@book{Convex_optimization,
  title={Convex Optimization and Interior-Point Methods},
  author={Kris Hauser},
  year={2012}
}
